@incollection{rode1,
  title={Low-field electron transport},
  author={Rode, DL},
  booktitle={Semiconductors and semimetals},
  volume={10},
  pages={1--89},
  year={1975},
  publisher={Elsevier}
}

@article{koshi2023,
  title={Can magnetotransport properties provide insight into the functional groups in semiconducting MXenes?},
  author={Koshi, Namitha Anna and Mandia, Anup Kumar and Muralidharan, Bhaskaran and Lee, Seung-Cheol and Bhattacharjee, Satadeep},
  journal={Nanoscale},
  year={2023},
  publisher={Royal Society of Chemistry}
}

@article{rode2,
  title={Electron mobility in direct-gap polar semiconductors},
  author={Rode, DL},
  journal={Physical Review B},
  volume={2},
  number={4},
  pages={1012},
  year={1970},
  publisher={APS}
}

@article{rode3,
  title={Electron mobility in II-VI semiconductors},
  author={Rode, DL},
  journal={Physical Review B},
  volume={2},
  number={10},
  pages={4036},
  year={1970},
  publisher={APS}
}

@article{rode4,
  title={Theory of electron galvanomagnetics in crystals: Hall effect in semiconductors and semimetals},
  author={Rode, DL},
  journal={physica status solidi (b)},
  volume={55},
  number={2},
  pages={687--696},
  year={1973},
  publisher={Wiley Online Library}
}

@article{ref4,
  title={Ab initio molecular-dynamics simulation of the liquid-metal--amorphous-semiconductor transition in germanium},
  author={Kresse, Georg and Hafner, J{\"u}rgen},
  journal={Physical Review B},
  volume={49},
  number={20},
  pages={14251},
  year={1994},
  publisher={APS}
}

@article{ref5,
  title={Efficient iterative schemes for ab initio total-energy calculations using a plane-wave basis set},
  author={Kresse, Georg and Furthm{\"u}ller, J{\"u}rgen},
  journal={Physical review B},
  volume={54},
  number={16},
  pages={11169},
  year={1996},
  publisher={APS}
}


@article{ref6,
  title={Efficiency of ab-initio total energy calculations for metals and semiconductors using a plane-wave basis set},
  author={Kresse, Georg and Furthm{\"u}ller, J{\"u}rgen},
  journal={Computational materials science},
  volume={6},
  number={1},
  pages={15--50},
  year={1996},
  publisher={Elsevier}
}

@article{anup1,
  title={Ab initio semi-classical electronic transport in ZnSe: the role of inelastic scattering mechanisms},
  author={Mandia, Anup Kumar and Patnaik, Renuka and Muralidharan, Bhaskaran and Lee, Seung-Cheol and Bhattacharjee, Satadeep},
  journal={Journal of Physics: Condensed Matter},
  volume={31},
  number={34},
  pages={345901},
  year={2019},
  publisher={IOP Publishing}
}

@article{anup2,
  title={AMMCR: Ab initio model for mobility and conductivity calculation by using Rode Algorithm},
  author={Mandia, Anup Kumar and Muralidharan, Bhaskaran and Choi, Jung-Hae and Lee, Seung-Cheol and Bhattacharjee, Satadeep},
  journal={Computer Physics Communications},
  volume={259},
  pages={107697},
  year={2021},
  publisher={Elsevier}
}

@article{anup3,
  title={Electrical and magneto-transport in the 2D semiconducting MXene Ti 2 CO 2},
  author={Mandia, Anup Kumar and Koshi, Namitha Anna and Muralidharan, Bhaskaran and Lee, Seung-Cheol and Bhattacharjee, Satadeep},
  journal={Journal of Materials Chemistry C},
  volume={10},
  number={23},
  pages={9062--9072},
  year={2022},
  publisher={Royal Society of Chemistry}
}

@article{erginsoy,
  title={Neutral impurity scattering in semiconductors},
  author={Erginsoy, Cavid},
  journal={Physical Review},
  volume={79},
  number={6},
  pages={1013},
  year={1950},
  publisher={APS}
}


@article{ramu2010rigorous,
  title={Rigorous calculation of the Seebeck coefficient and mobility of thermoelectric materials},
  author={Ramu, Ashok T and Cassels, Laura E and Hackman, Nathan H and Lu, Hong and Zide, Joshua MO and Bowers, John E},
  journal={Journal of Applied physics},
  volume={107},
  number={8},
  pages={083707},
  year={2010},
  publisher={American Institute of Physics}
}


@article{miller,
  title={Effect of charged dislocation scattering on electrical and electrothermal transport in n-type InN},
  author={Miller, Nate and Haller, Eugene E and Koblm{\"u}ller, Gregor and Gallinat, Chad and Speck, James S and Schaff, William J and Hawkridge, Michael E and Yu, Kin Man and Ager III, Joel W},
  journal={Physical Review B},
  volume={84},
  number={7},
  pages={075315},
  year={2011},
  publisher={APS}
}


@book{ridley2013quantum,
  title={Quantum processes in semiconductors},
  author={Ridley, Brian K},
  year={2013},
  publisher={Oxford university press}
}


@article{ramu2011thermoelectric,
  title={Thermoelectric transport in the coupled valence-band model},
  author={Ramu, Ashok T and Cassels, Laura E and Hackman, Nathan H and Lu, Hong and Zide, Joshua MO and Bowers, John E},
  journal={Journal of Applied Physics},
  volume={109},
  number={3},
  pages={033704},
  year={2011},
  publisher={American Institute of Physics}
}

@article{goodnick1985surface,
  title={Surface roughness at the Si (100)-SiO 2 interface},
  author={Goodnick, SM and Ferry, David K and Wilmsen, CW and Liliental, Z and Fathy, D and Krivanek, OL},
  journal={Physical Review B},
  volume={32},
  number={12},
  pages={8171},
  year={1985},
  publisher={APS}
}

@book{ferry2016semiconductor,
  title={Semiconductor transport},
  author={Ferry, David K},
  year={2016},
  publisher={CRC Press}
}

@article{zha2016thermal,
  title={The thermal and electrical properties of the promising semiconductor MXene Hf 2 CO 2},
  author={Zha, Xian-Hu and Huang, Qing and He, Jian and He, Heming and Zhai, Junyi and Francisco, Joseph S and Du, Shiyu},
  journal={Scientific reports},
  volume={6},
  number={1},
  pages={1--10},
  year={2016},
  publisher={Nature Publishing Group}
}

@book{nag2012electron,
  title={Electron transport in compound semiconductors},
  author={Nag, Biswaranjan R},
  volume={11},
  year={2012},
  publisher={Springer Science \& Business Media}
}

@article{kawamura1992phonon,
  title={Phonon-scattering-limited electron mobilities in Al x Ga 1- x As/GaAs heterojunctions},
  author={Kawamura, T and Sarma, S Das},
  journal={Physical review B},
  volume={45},
  number={7},
  pages={3612},
  year={1992},
  publisher={APS}
}

@article{kaasbjerg2013acoustic,
  title={Acoustic phonon limited mobility in two-dimensional semiconductors: Deformation potential and piezoelectric scattering in monolayer MoS 2 from first principles},
  author={Kaasbjerg, Kristen and Thygesen, Kristian S and Jauho, Antti-Pekka},
  journal={Physical Review B},
  volume={87},
  number={23},
  pages={235312},
  year={2013},
  publisher={APS}
}